@article{falkembach2003aprendizagem,
	title={Aprendizagem de Algoritmos: Uso da Estrat{\'e}gia Ascendente de Resolu{\c{c}}{\~a}o de Problemas},
	author={Falkembach, Gilse Antoninha Morgental and Viero, Fabr{\'\i}cio}
}

@inproceedings{lahtinen2005study,
	title={A study of the difficulties of novice programmers},
	author={Lahtinen, Essi and Ala-Mutka, Kirsti and J{\"a}rvinen, Hannu-Matti},
	booktitle={ACM SIGCSE Bulletin},
	volume={37},
	number={3},
	pages={14--18},
	year={2005},
	organization={ACM}
}

@inproceedings{bosse2015reprovaccoes,
	title={Reprova{\c{c}}{\~o}es e Trancamentos nas Disciplinas de Introdu{\c{c}}{\~a}o {\`a} Programa{\c{c}}{\~a}o da Universidade de S{\~a}o Paulo: Um Estudo Preliminar},
	author={Bosse, Yorah and Gerosa, Marco Aur{\'e}lio},
	booktitle={XXIII WEI--Workshop sobre Educa{\c{c}}{\~a}o em Inform{\'a}tica. Recife, Julho},
	year={2015}
}
